@article{open2015estimating,
  title={Estimating the reproducibility of psychological science},
  author={Open Science Collaboration and others},
  journal={Science},
  volume={349},
  number={6251},
  pages={aac4716},
  year={2015},
  publisher={American Association for the Advancement of Science}
}

@article{ioannidis2005most,
  title={Why most published research findings are false},
  author={Ioannidis, John PA},
  journal={PLoS medicine},
  volume={2},
  number={8},
  pages={e124},
  year={2005},
  publisher={Public Library of Science},
  doi = {10.1371/journal.pmed.0020124},
  my_url = {http://dx.doi.org/10.1371/journal.pmed.0020124}
}

@article{nosek2012scientific,
  title={Scientific utopia II. Restructuring incentives and practices to promote truth over publishability},
  author={Nosek, Brian A and Spies, Jeffrey R and Motyl, Matt},
  journal={Perspectives on Psychological Science},
  volume={7},
  number={6},
  pages={615--631},
  year={2012},
  publisher={Sage Publications}
}

@article{deci1999meta,
  title={A meta-analytic review of experiments examining the effects of extrinsic rewards on intrinsic motivation.},
  author={Deci, Edward L and Koestner, Richard and Ryan, Richard M},
  journal={Psychological bulletin},
  volume={125},
  number={6},
  pages={627},
  year={1999},
  publisher={American Psychological Association}
}

@article{kohn1993punished,
  title={Punished by reward},
  author={Kohn, Alfie},
  journal={The Trouble with Gold Stars. Incentive Plans, A's, Praise, and other Bribes, Boston},
  year={1993}
}

@article{wilson2014best,
  title={Best practices for scientific computing},
  author={Wilson, Greg and Aruliah, DA and Brown, C Titus and Hong, Neil P Chue and Davis, Matt and Guy, Richard T and Haddock, Steven HD and Huff, Katy and Mitchell, Ian M and Plumbley, Mark D and others},
  journal={PLoS biology},
  volume={12},
  number={1},
  pages={e1001745},
  year={2014},
  publisher={Public Library of Science San Francisco, USA}
}

@book{fisher1925statistical,
  title={Statistical methods for research workers},
  author={Fisher, Ronald Aylmer},
  year={1925},
  publisher={Genesis Publishing Pvt Ltd}
}

@book{trevor2009elements,
  title={The elements of statistical learning: data mining, inference, and prediction},
  author={Trevor J.. Hastie and Tibshirani, Robert John and Friedman, Jerome H},
  year={2009},
  publisher={Springer}
}

@book{wasserman2013all,
  title={All of statistics: a concise course in statistical inference},
  author={Wasserman, Larry},
  year={2013},
  publisher={Springer Science \& Business Media}
}

@article{ioannidis2011false,
  title={The false-positive to false-negative ratio in epidemiologic studies},
  author={Ioannidis, John PA and Tarone, Robert and McLaughlin, Joseph K},
  journal={Epidemiology},
  volume={22},
  number={4},
  pages={450--456},
  year={2011},
  publisher={LWW}
}

@article{perkel2015programming,
  title={Programming: pick up Python},
  author={Perkel, Jeffrey M},
  journal={Nature},
  volume={518},
  number={7537},
  pages={125--126},
  year={2015}
}
